@article{leinerbrief,
  title={Brief History of the Internet},
  author={Leiner, Barry M and Cerf, Vinton G and Clark, David D and Kahn, Robert E and Kleinrock, Leonard and Lynch, Daniel C and Postel, Jon and Roberts, Larry G and Wolff, Stephen}
}
@book{abbate2000inventing,
  title={Inventing the internet},
  author={Abbate, Janet},
  year={2000},
  publisher={MIT press}
}
@incollection{mack2020history,
  title={The history of broadband},
  author={Mack, Elizabeth},
  booktitle={Geographies of the internet},
  pages={63--76},
  year={2020},
  publisher={Routledge}
}
@inproceedings{moeyaert2011network,
  title={Network technologies for broadband access},
  author={Moeyaert, V{\'e}ronique and Maier, Guido},
  booktitle={2011 13th International Conference on Transparent Optical Networks},
  pages={1--5},
  year={2011},
  organization={IEEE}
}